<record xmlns="http://www.loc.gov/MARC21/slim" xmlns:xsi="http://www.w3.org/2001/XMLSchema-instance" xsi:schemaLocation="http://www.loc.gov/MARC21/slim http://www.loc.gov/standards/marcxml/schema/MARC21slim.xsd">

  <leader>00688nam a2200193Ia 4500</leader>
  <datafield tag="999" ind1=" " ind2=" ">
    <subfield code="c">526</subfield>
    <subfield code="d">526</subfield>
  </datafield>
  <controlfield tag="008">170124b2012    a  ||||| |||| 00| | spa d</controlfield>
  <datafield tag="020" ind2=" " ind1=" ">
    <subfield code="a">9789871543939</subfield>
  </datafield>
  <datafield ind2=" " ind1=" " tag="090">
    <subfield code="a">03.02.05 </subfield>
    <subfield code="b">855</subfield>
  </datafield>
  <datafield ind2=" " ind1="1" tag="100">
    <subfield code="a">Pérez Rubio, Ana María</subfield>
    <subfield code="9">2282</subfield>
  </datafield>
  <datafield tag="245" ind2="0" ind1="1">
    <subfield code="a">Viejos problemas, nuevas alternativas: estrategias de lucha contra la pobreza gestadas desde el Sur / </subfield>
    <subfield code="c">Ana María Pérez Rubio, Nelson Antequera Durán, compiladores</subfield>
  </datafield>
  <datafield ind1=" " ind2=" " tag="260">
    <subfield code="a">Buenos Aires : </subfield>
    <subfield code="b">Clacso, </subfield>
    <subfield code="c">2012</subfield>
  </datafield>
  <datafield ind1=" " ind2=" " tag="300">
    <subfield code="a">444 páginas</subfield>
  </datafield>
  <datafield ind1=" " ind2=" " tag="490">
    <subfield code="a">Colección CLACSO-CROP</subfield>
  </datafield>
  <datafield tag="650" ind1="1" ind2="4">
    <subfield code="a">POBREZA</subfield>
    <subfield code="9">263</subfield>
  </datafield>
  <datafield ind2="4" ind1=" " tag="651">
    <subfield code="a">AMÉRICA LATINA</subfield>
    <subfield code="9">273</subfield>
  </datafield>
  <datafield tag="651" ind2="4" ind1=" ">
    <subfield code="a">CARIBE</subfield>
    <subfield code="9">539</subfield>
  </datafield>
  <datafield tag="700" ind1="1" ind2=" ">
    <subfield code="a">Antequera Durán, Nelson</subfield>
    <subfield code="e">compilador/a</subfield>
    <subfield code="9">2283</subfield>
  </datafield>
  <datafield tag="942" ind2=" " ind1=" ">
    <subfield code="2">z</subfield>
    <subfield code="c">01</subfield>
  </datafield>
</record>